@inproceedings{ClassificationCNN,
  author = "Yang Zhong and Josephine Sullivan and Haibo Li",
  title = "Face Attribute Prediction Using Off-the-Shelf CNN Features",
  journal = "Biometrics (ICB), 2016 International Conference on",
  pages = "1--7" ,
  year = "2016",
}

@inproceedings{CelebA,
  author = "Ziwei Liu and Ping Luo and Xiaogang Wang and Xiaoou Tang",
  title = "Deep Learning Face Attributes in the Wild",
  journal = "Proceedings of the IEEE International Conference on Computer Vision",  
  pages = "3730--3738", 
  year = "2015",
}

@article{CASIAWebFace,
  author = "Dong Yi and Zhen Lei and Shengcai Liao and Stan Z. Li",
  title = "Learning face representation from scratch",
  journal = "arXiv preprint arXiv:1411.7923",
  year = "2014",
}

@article{BatchNorm,
  author = "Sergey Ioffe and Christian Szegedy",
  title = "Batch Normalization: Accelerating Deep Network Training by Reducing Internal Covariate Shift",
  journal = "arXiv preprint arXiv:1502.03167",
  year = "2015",
}

@article{MCNN,
  author = "Emily M Hand and Rama Chellappa",
  title = "Attributes for Improved Attributes: A Multi-Task Network for Attribute Classification",
  journal = "arXiv preprint arXiv:1604.07360",  
  year = "2016",
}

@article{LFW,
  author = "Gary B Huang and Manu Ramesh and Tamara Berg and Erick Learned-Miller",
  title = "Labeled faces in the wild: A database for studying face recognition in unconstrained environments",
  journal = "Technical Report 07-49, University of Massachusetts, Amherst",
  year = "2007",
}

@article{CelebFace,
  author = "Yi Sun and Xiaogang Wang and Xiaoou Tang",
  title = "Deep learning face representation by joint identification-verification",
  journal = "Advances in neural information processing systems",
  pages = "1988--1996",
  year = "2014",
}

@inproceedings{AlexNet,
  title={Imagenet classification with deep convolutional neural networks},
  author={Krizhevsky, Alex and Sutskever, Ilya and Hinton, Geoffrey E},
  booktitle={Advances in neural information processing systems},
  pages={1097--1105},
  year={2012}
}

@inproceedings{GoogleNet,
  title={Going deeper with convolutions},
  author={Szegedy, Christian and Liu, Wei and Jia, Yangqing and Sermanet, Pierre and Reed, Scott and Anguelov, Dragomir and Erhan, Dumitru and Vanhoucke, Vincent and Rabinovich, Andrew},
  booktitle={Proceedings of the IEEE Conference on Computer Vision and Pattern Recognition},
  pages={1--9},
  year={2015}
}

@article{VGGNet,
  title={Very deep convolutional networks for large-scale image recognition},
  author={Simonyan, Karen and Zisserman, Andrew},
  journal={arXiv preprint arXiv:1409.1556},
  year={2014}
}

@inproceedings{fastrcnn,
  title={Fast r-cnn},
  author={Girshick, Ross},
  booktitle={Proceedings of the IEEE International Conference on Computer Vision},
  pages={1440--1448},
  year={2015}
}

@inproceedings{fasterrcnn,
  title={Faster r-cnn: Towards real-time object detection with region proposal networks},
  author={Ren, Shaoqing and He, Kaiming and Girshick, Ross and Sun, Jian},
  booktitle={Advances in neural information processing systems},
  pages={91--99},
  year={2015}
}

@inproceedings{ReLU,
  title={Rectified linear units improve restricted boltzmann machines},
  author={Nair, Vinod and Hinton, Geoffrey E},
  booktitle={Proceedings of the 27th international conference on machine learning (ICML-10)},
  pages={807--814},
  year={2010}
}

@article{deepid3,
  title={Deepid3: Face recognition with very deep neural networks},
  author={Sun, Yi and Liang, Ding and Wang, Xiaogang and Tang, Xiaoou},
  journal={arXiv preprint arXiv:1502.00873},
  year={2015}
}

@inproceedings{automaticlabeling,
  title={Deep learning of scene-specific classifier for pedestrian detection},
  author={Zeng, Xingyu and Ouyang, Wanli and Wang, Meng and Wang, Xiaogang},
  booktitle={European Conference on Computer Vision},
  pages={472--487},
  year={2014},
  organization={Springer}
}

@inproceedings{deepid,
  title={Deep learning face representation from predicting 10,000 classes},
  author={Sun, Yi and Wang, Xiaogang and Tang, Xiaoou},
  booktitle={Proceedings of the IEEE Conference on Computer Vision and Pattern Recognition},
  pages={1891--1898},
  year={2014}
}

@inproceedings{transferlearning,
  title={A practical transfer learning algorithm for face verification},
  author={Cao, Xudong and Wipf, David and Wen, Fang and Duan, Genquan and Sun, Jian},
  booktitle={Proceedings of the IEEE International Conference on Computer Vision},
  pages={3208--3215},
  year={2013}
}

@inproceedings{Caffe,
  title={Caffe: Convolutional architecture for fast feature embedding},
  author={Jia, Yangqing and Shelhamer, Evan and Donahue, Jeff and Karayev, Sergey and Long, Jonathan and Girshick, Ross and Guadarrama, Sergio and Darrell, Trevor},
  booktitle={Proceedings of the 22nd ACM international conference on Multimedia},
  pages={675--678},
  year={2014},
  organization={ACM}
}

@inproceedings{MCDNN,
  title={Multi-column deep neural networks for image classification},
  author={Ciregan, Dan and Meier, Ueli and Schmidhuber, J{\"u}rgen},
  booktitle={Computer Vision and Pattern Recognition (CVPR), 2012 IEEE Conference on},
  pages={3642--3649},
  year={2012},
  organization={IEEE},
}

@inproceedings{POOF,
  title={Poof: Part-based one-vs.-one features for fine-grained categorization, face verification, and attribute estimation},
  author={Berg, Thomas and Belhumeur, Peter},
  booktitle={Proceedings of the IEEE Conference on Computer Vision and Pattern Recognition},
  pages={955--962},
  year={2013}
}

@inproceedings{poselet,
  title={Describing people: A poselet-based approach to attribute classification},
  author={Bourdev, Lubomir and Maji, Subhransu and Malik, Jitendra},
  booktitle={Computer Vision (ICCV), 2011 IEEE International Conference on},
  pages={1543--1550},
  year={2011},
  organization={IEEE}
}

@inproceedings{offshelf,
  title={CNN features off-the-shelf: an astounding baseline for recognition},
  author={Sharif Razavian, Ali and Azizpour, Hossein and Sullivan, Josephine and Carlsson, Stefan},
  booktitle={Proceedings of the IEEE Conference on Computer Vision and Pattern Recognition Workshops},
  pages={806--813},
  year={2014}
}

@inproceedings{panda,
  title={Panda: Pose aligned networks for deep attribute modeling},
  author={Zhang, Ning and Paluri, Manohar and Ranzato, Marc'Aurelio and Darrell, Trevor and Bourdev, Lubomir},
  booktitle={Proceedings of the IEEE Conference on Computer Vision and Pattern Recognition},
  pages={1637--1644},
  year={2014}
}

@article{AFFACT,
  author    = {Manuel G{\"{u}}nther and Andras Rozsa and Terrance E. Boult},
  title     = {{AFFACT} - Alignment Free Facial Attribute Classification Technique},
  journal   = {CoRR},
  volume    = {abs/1611.06158},
  year      = {2016},
}

@article{faceness,
  title={Faceness-Net: Face Detection through Deep Facial Part Responses},
  author={Yang, Shuo and Luo, Ping and Loy, Chen Change and Tang, Xiaoou},
  journal={arXiv preprint arXiv:1701.08393},
  year={2017}
}

@inproceedings{2009attribute,
  title={Attribute and simile classifiers for face verification},
  author={Kumar, Neeraj and Berg, Alexander C and Belhumeur, Peter N and Nayar, Shree K},
  booktitle={Computer Vision, 2009 IEEE 12th International Conference on},
  pages={365--372},
  year={2009},
  organization={IEEE}
}

@inproceedings{multi1,
  title={Multi-task learning in deep neural networks for improved phoneme recognition},
  author={Seltzer, Michael L and Droppo, Jasha},
  booktitle={Acoustics, Speech and Signal Processing (ICASSP), 2013 IEEE International Conference on},
  pages={6965--6969},
  year={2013},
  organization={IEEE}
}

@article{multi2,
  title={Manifold regularized multitask learning for semi-supervised multilabel image classification},
  author={Luo, Yong and Tao, Dacheng and Geng, Bo and Xu, Chao and Maybank, Stephen J},
  journal={IEEE Transactions on Image Processing},
  volume={22},
  number={2},
  pages={523--536},
  year={2013},
  publisher={IEEE}
}

@article{multi3,
  title={Deep architecture for traffic flow prediction: deep belief networks with multitask learning},
  author={Huang, Wenhao and Song, Guojie and Hong, Haikun and Xie, Kunqing},
  journal={IEEE Transactions on Intelligent Transportation Systems},
  volume={15},
  number={5},
  pages={2191--2201},
  year={2014},
  publisher={IEEE}
}

@inproceedings{multi4,
  title={Sparse coding for multitask and transfer learning},
  author={Maurer, Andreas and Pontil, Massi and Romera-Paredes, Bernardino},
  booktitle={Proceedings of the 30th International Conference on Machine Learning (ICML-13)},
  pages={343--351},
  year={2013}
}

@inproceedings{multi5,
  title={Multilinear multitask learning},
  author={Romera-Paredes, Bernardino and Aung, Hane and Bianchi-Berthouze, Nadia and Pontil, Massimiliano},
  booktitle={International Conference on Machine Learning},
  pages={1444--1452},
  year={2013}
}

@article{yolo9000,
  title={YOLO9000: better, faster, stronger},
  author={Redmon, Joseph and Farhadi, Ali},
  journal={arXiv preprint arXiv:1612.08242},
  year={2016}
}

@inproceedings{liu2016ssd,
  title={Ssd: Single shot multibox detector},
  author={Liu, Wei and Anguelov, Dragomir and Erhan, Dumitru and Szegedy, Christian and Reed, Scott and Fu, Cheng-Yang and Berg, Alexander C},
  booktitle={European conference on computer vision},
  pages={21--37},
  year={2016},
  organization={Springer}
}

@inproceedings{long2015fully,
  title={Fully convolutional networks for semantic segmentation},
  author={Long, Jonathan and Shelhamer, Evan and Darrell, Trevor},
  booktitle={Proceedings of the IEEE Conference on Computer Vision and Pattern Recognition},
  pages={3431--3440},
  year={2015}
}